<?xml version="1.0" encoding="UTF-8"?><record xmlns="http://www.loc.gov/MARC21/slim" xmlns:cinclude="http://apache.org/cocoon/include/1.0" xmlns:zs="http://www.loc.gov/zing/srw/">
  <leader>00550cz  a2200133n  4500</leader>
  <controlfield tag="001">no 93036744 </controlfield>
  <controlfield tag="003">DLC</controlfield>
  <controlfield tag="005">20120802083445.0</controlfield>
  <controlfield tag="008">931202n| acannaab           |n ana     c</controlfield>
  <datafield tag="010" ind1=" " ind2=" ">
    <subfield code="a">no 93036744 </subfield>
  </datafield>
  <datafield tag="040" ind1=" " ind2=" ">
    <subfield code="a">DJBF</subfield>
    <subfield code="b">eng</subfield>
    <subfield code="c">DJBF</subfield>
    <subfield code="d">DLC</subfield>
  </datafield>
  <datafield tag="111" ind1="2" ind2=" ">
    <subfield code="a">Colloquium on Agriculture and Life Sciences</subfield>
  </datafield>
  <datafield tag="667" ind1=" " ind2=" ">
    <subfield code="a">THIS 1XX FIELD CANNOT BE USED UNDER RDA UNTIL THIS RECORD HAS BEEN REVIEWED AND/OR UPDATED</subfield>
  </datafield>
  <datafield tag="670" ind1=" " ind2=" ">
    <subfield code="a">Agricultural reform and development in China, 1990:</subfield>
    <subfield code="b">p. iii (Sixth Annual Colloquium on Agriculture and Life Sciences, 10/18-19, 1989, Las Vegas, Nev.)</subfield>
  </datafield>
</record>